@book
{
	aronowitz2009human,
	title={Human trafficking, human misery: The global trade in human beings},
	author={Aronowitz, Alexis A},
	year={2009},
	publisher={Greenwood Publishing Group}
}

@book
{
	shelley2010human,
	title={Human trafficking: A global perspective},
	author={Shelley, Louise},
	year={2010},
	publisher={Cambridge University Press}
}

@article
{
	hesse2011young,
	title={Young tourists visiting strip clubs and paying for sex},
	author={Hesse, Morten and Tutenges, S{\'e}bastien},
	journal={Tourism Management},
	volume={32},
	number={4},
	pages={869--874},
	year={2011},
	publisher={Elsevier}
}

@article
{
	ouattara1998forced,
	title={Forced marriage, forced sex: the perils of childhood for girls},
	author={Ouattara, Mariam and Sen, Purna and Thomson, Marilyn},
	journal={Gender \& Development},
	volume={6},
	number={3},
	pages={27--33},
	year={1998},
	publisher={Taylor \& Francis}
}

@article
{
	chantler2009forced,
	title={Forced marriage in the UK: Religious, cultural, economic or state violence?},
	author={Chantler, Khatidja and Gangoli, Geetanjali and Hester, Marianne},
	journal={Critical social policy},
	volume={29},
	number={4},
	pages={587--612},
	year={2009},
	publisher={Sage Publications Sage UK: London, England}
}

@book
{
	curato2019democracy,
	title={Democracy in a time of misery: From spectacular tragedies to deliberative action},
	author={Curato, Nicole},
	year={2019},
	publisher={Oxford University Press}
}

@article
{
	delli2002internet,
	title={The Internet and an informed citizenry},
	author={Delli Carpini, Michael X and Keeter, Scott},
	journal={Departmental Papers (ASC)},
	pages={2},
	year={2002}
}

@article
{
	walker1966critique,
	title={A critique of the elitist theory of democracy},
	author={Walker, Jack L},
	journal={The American Political Science Review},
	volume={60},
	number={2},
	pages={285--295},
	year={1966},
	publisher={JSTOR}
}

@article
{
	harriss2006poverty,
	title={Poverty and capitalism},
	author={Harriss-White, Barbara},
	journal={Economic and Political Weekly},
	pages={1241--1246},
	year={2006},
	publisher={JSTOR}
}

@book
{
	laffont1993theory,
	title={A theory of incentives in procurement and regulation},
	author={Laffont, Jean-Jacques and Tirole, Jean},
	year={1993},
	publisher={MIT press}
}

@book
{
	laffont2009theory,
	title={The theory of incentives: the principal-agent model},
	author={Laffont, Jean-Jacques and Martimort, David},
	year={2009},
	publisher={Princeton university press}
}

@article
{
	minkowitz2006united,
	title={The United Nations Convention on the Rights of Persons with Disabilities and the right to be free from nonconsensual psychiatric interventions},
	author={Minkowitz, Tina},
	journal={Syracuse J. Int'l L. \& Com.},
	volume={34},
	pages={405},
	year={2006},
	publisher={HeinOnline}
}

@book
{
  VNM,
  author    = "John von Neumann and Oskar Morgenstern",
  title     = "Theory of Games and Economic Behaviour",
  year      = "1944",
  publisher = "Princeton University Press",
  address   = "New Jersey"
}

@book
{
	Mas1995microeconomic,
	title={Microeconomic theory},
	author={Mas-Colell, Andreu and Whinston, Michael Dennis and Green, Jerry R and others},
	volume={1},
	year={Pages 9, 46-48, 1995},
	pages={9, 46-48},
	publisher={Oxford university press New York}
}

@book
{
  Myerson,
  author    = "Roger Myerson",
  title     = "Game Theory: Analysis of Conflict",
  year      = "1997",
  publisher = "Harvard University Press"
}

@book
{
  GoforthRobinson,
  author    = "David Goforth and David Robinson",
  title     = "Topology of $2 \times 2$ Games",
  year      = "2005",
  publisher = "Routledge"
}

﻿@book 
{
   IsoComplexity,
   author = {Gabarr{\'o}, Joaquim and Garcia, Alina and Serna, Maria},
   affiliation = {LSI Dept. Universitat Politècnica de Catalunya, Barcelona},
   title = {On the Complexity of Game Isomorphism},
   booktitle = {Mathematical Foundations of Computer Science 2007},
   series = {Lecture Notes in Computer Science},
   publisher = {Springer Berlin / Heidelberg},
   pages = {559-571},
   volume = {4708},
   year = {2007}
}

﻿@book 
{
   HarsanyiSelten,
   author = {John Harsanyi and Reinhard Selten},
   title = {A General Theory of Equilibrium Selection in Games},
   publisher = {MIT Press},
   year = {1988}
}

@article
{
	arrow1950difficulty,
	title={A difficulty in the concept of social welfare},
	author={Arrow, Kenneth J.},
	journal={Journal of political economy},
	volume={58},
	number={4},
	pages={328--346},
	year={1950},
	publisher={The University of Chicago Press}
}

@book
{
	arrow2012social,
	title={Social choice and individual values},
	author={Arrow, Kenneth J},
	volume={12},
	year={2012},
	publisher={Yale university press}
}

@book
{
	dungey2005contagion,
	title={Identifying {I}nternational {F}inancial {C}ontagion: {P}rogress and {C}hallenges},
	author={Dungey, Mardi and Tambakis, Demosthenes},
	year={2005},
	publisher={Oxford University Press}
}

@article
{   
  DMaskin,
  author  = "Partha Dasgupta and Eric Maskin",
  title   = "The existence of equilibrium in discontinuous economic games, {I}: Theory",
  year    = "1986",
  journal = "The Review of Economic Studies",
  volume  = "53",
  number  = "1",
  pages   = "18-25"
}

@article
{   
  NoahXE,
  author  = "Noah Stein",
  title   = "Exchangeable {E}quilibria",
  year    = "2011",
  journal = "Doctoral Thesis, MIT",
}

@article
{   
  Suppes,
  author  = "Patrick Suppes and Muriel Winet",
  title   = "An axiomatization of utility based on the notion of utility differences",
  year    = "1955",
  journal = "Management Science",
  volume  = "1",
  number  = "3/4",
}

@article
{
	margolis2003misery,
	title={Misery loves companies: Rethinking social initiatives by business},
	author={Margolis, Joshua D and Walsh, James P},
	journal={Administrative science quarterly},
	volume={48},
	number={2},
	pages={268--305},
	year={2003},
	publisher={SAGE Publications}
}

@article
{   
  NashNCG,
  author  = "John Nash",
  title   = "Non-Cooperative Games",
  year    = "1951",
  journal = "The Annals of Mathematics, Second Series",
  volume  = "54",
  number  = "2",
  pages   = "286-295"
}

@article
{   
  CRVWSymold,
  author  = "Shih-Fen Cheng and Daniel Reeves and Yevgeniy Vorobeychik and Michael Wellman",
  title   = "Notes on equilibria in symmetric games",
  year    = "2004",
  journal = "Research Collection School of Information Systems",
}

@inproceedings
{
  CRVWSym,
  title={Notes on equilibria in symmetric games},
  author={Cheng, Shih-Fen and Reeves, Daniel M and Vorobeychik, Yevgeniy and Wellman, Michael P},
  booktitle={Workshop on Game Theory and Decision Theory},
  year={2004}
}

@article
{
  sudholter2000canonical,
  title={The canonical extensive form of a game form: Part {II}. {R}epresentation},
  author={Peter Sudh{\"o}lter and Joachim Rosenm{\"u}ller and Bezalel Peleg},
  journal={Journal of Mathematical Economics},
  volume={33},
  number={3},
  pages={299--338},
  year={2000},
  publisher={Elsevier}
}

@book
{
	peleg1999canonical,
	title={The canonical extensive form of a game form: Part {I}. {S}ymmetries},
	author={Bezalel Peleg and Joachim Rosenm{\"u}ller and Peter Sudh{\"o}lter},
	year={1999},
	publisher={Springer}
}

@article
{
	hulpke2005constructing,
	title={Constructing transitive permutation groups},
	author={Hulpke, Alexander},
	journal={Journal of {S}ymbolic {C}omputation},
	volume={39},
	number={1},
	pages={1--30},
	year={2005},
	publisher={Elsevier}
}

@article
{
	hulpke2016connected,
	title={Connected quandles and transitive groups},
	author={Hulpke, Alexander and Stanovsk{\`y}, David and Vojt{\v{e}}chovsk{\`y}, Petr},
	journal={Journal of Pure and Applied Algebra},
	volume={220},
	number={2},
	pages={735--758},
	year={2016},
	publisher={Elsevier}
}

@article
{
	hulpketransgrp,
	title={TransGrp - {L}ibrary of {T}ransitive {G}roups},
	author={Hulpke, Alexander and Cannon, John and Holt, Derek},
	journal={GAP manual},
	year={year unknown}
}

@article
{
	brandt2009symmetries,
	title={Symmetries and the complexity of pure {N}ash equilibrium},
	author={Brandt, Felix and Fischer, Felix and Holzer, Markus},
	journal={Journal of {C}omputer and {S}ystem {S}ciences},
	volume={75},
	number={3},
	pages={163--177},
	year={2009},
	publisher={Elsevier}
}

@article
{
	vester2012symmetric,
	title={Symmetric {N}ash equilibria},
	author={Vester, Steen},
	year={2012},
	journal={Masters thesis, Ecole Normale Superieure de Cachan}
}

@article
{
	ham2011honoursthesis,
	title={Some {S}tructural {P}roperties of {F}inite {N}ormal {F}orm {G}ames},
	author={Ham, Nicholas},
	year={2011},
	journal={Honours thesis, University of Tasmania}
}

@article
{
	ham2018arxivversion,
	title={{N}otions of {S}ymmetry for {F}inite {S}trategic-{F}orm {G}ames},
	author={Ham, Nicholas},
	journal = {Preprint},
	year    = {2011, \newline\href{http://arxiv.org/abs/1311.4766}{\tt arXiv:1311.4766}}
}

@article
{
	EastHam,
	title={Lattice paths and submonoids of $\mathbb{Z}^2$},
	author={East, James and Ham, Nicholas},
	journal = {Preprint},
	year    = {2018, \href{http://arxiv.org/abs/1811.05735}{\tt arXiv:1811.05735}}
}

@article
{
	Steinhauscakecutting,
	ISSN = {00129682, 14680262},
	URL = {http://www.jstor.org/stable/1914289},
	journal = {Econometrica},
	number = {1},
	pages = {101--104},
	publisher = {[Wiley, Econometric Society]},
	title = {The {P}roblem of {F}air {D}ivision. {R}eport of the {W}ashington {M}eeting, {S}eptember 6-18, 1947},
	author = {Steinhaus, Hugo},
	volume = {16},
	year = {1948}
}

@article
{
	ViglizzoarXiv,
	title={Symmetry and other {C}ombinatorial {R}elations in {S}trategic {G}ames},
	author={Tohm\'{e}, Fernando and Viglizzo, Ignacio},
	journal = {Preprint},
	year    = {2017, \href{http://arxiv.org/abs/1712.04563}{\tt arXiv:1712.04563}}
}

@article
{
	gelbaum1959symmetric,
	title={Symmetric zero-sum n-person games},
	author={Gelbaum, Bernard R.},
	journal={Annals of Mathematics Studies},
	volume={40},
	pages={95--109},
	year={1959}
}

@inproceedings
{
	tucker1962comb,
	title={COMBINATORIAL EQUIVALENCE OF FAIR GAMES},
	author={Tucker, Albert W.},
	booktitle={Recent Advances in Game Theory: Papers Delivered at a Meeting of the Princeton University Conference, Ocotber [sic] 4-6, 1961},
	volume={29},
	pages={277},
	year={1962}
}

@article
{
	shapley1960symmetric,
	title={Symmetric games},
	author={Shapley, Lloyd S.},
	year={1960},
	publisher={RAND Corporation},
	journal={RAND Corporation}
}

@manual
{
	GLCode,
	Author = {Nicholas Ham},
	Month = {December},
	Title  = {Code for generating finite strategic-form games},
	Year   = {2018, {URL} \newline\href{https://gitlab.com/n-ham-paper-files/generate-strategic-form-game}{\tt https://gitlab.com/n-ham-paper-files/generate-strategic-form-game}}
}

@misc
{
	WikiSGRV,
	author={Wikipedia},
	title = {Symmetric games: {R}evision history},
	note = {Accessed: 2018-12-06, {URL} \newline\url{https://en.wikipedia.org/w/index.php?title=Symmetric_game&action=history}}
}

@misc
{
	GAP4,
	author={The GAP Group},
	title={{GAP} -- {G}roups, {A}lgorithms, and {P}rogramming, {V}ersion 4.7.0},
	year={2013, {URL} \newline\href{https://www.gap-system.org}{\tt gap-system.org}}
}

@misc
{
	SGAMESTY,
	author={Osborne, Martin J.},
	title={{\LaTeX} style files {\tt sgame.sty} and {\tt sgamevar.sty} for drawing strategic-form games, {V}ersion 2.15},
	year={2012, {URL} \url{https://www.economics.utoronto.ca/osborne/latex/}}
}

